%YAML 1.1
%TAG !u! tag:unity3d.com,2011:
--- !u!1001 &100100000
Prefab:
  m_ObjectHideFlags: 1
  serializedVersion: 2
  m_Modification:
    m_TransformParent: {fileID: 0}
    m_Modifications: []
    m_RemovedComponents: []
  m_ParentPrefab: {fileID: 0}
  m_RootGameObject: {fileID: 1207188571502082}
  m_IsPrefabParent: 1
--- !u!1 &1207188571502082
GameObject:
  m_ObjectHideFlags: 0
  m_PrefabParentObject: {fileID: 0}
  m_PrefabInternal: {fileID: 100100000}
  serializedVersion: 5
  m_Component:
  - component: {fileID: 4849215134112398}
  - component: {fileID: 114455919499251926}
  - component: {fileID: 114412986854625550}
  - component: {fileID: 114776742264839670}
  - component: {fileID: 114741831287218646}
  - component: {fileID: 114313646502261182}
  - component: {fileID: 114444804677688200}
  - component: {fileID: 114142026906044304}
  - component: {fileID: 114319075125962702}
  m_Layer: 0
  m_Name: Managers
  m_TagString: Untagged
  m_Icon: {fileID: 0}
  m_NavMeshLayer: 0
  m_StaticEditorFlags: 0
  m_IsActive: 1
--- !u!4 &4849215134112398
Transform:
  m_ObjectHideFlags: 1
  m_PrefabParentObject: {fileID: 0}
  m_PrefabInternal: {fileID: 100100000}
  m_GameObject: {fileID: 1207188571502082}
  m_LocalRotation: {x: 0, y: 0, z: 0, w: 1}
  m_LocalPosition: {x: 0, y: 0, z: 0}
  m_LocalScale: {x: 1, y: 1, z: 1}
  m_Children: []
  m_Father: {fileID: 0}
  m_RootOrder: 0
  m_LocalEulerAnglesHint: {x: 0, y: 0, z: 0}
--- !u!114 &114142026906044304
MonoBehaviour:
  m_ObjectHideFlags: 1
  m_PrefabParentObject: {fileID: 0}
  m_PrefabInternal: {fileID: 100100000}
  m_GameObject: {fileID: 1207188571502082}
  m_Enabled: 1
  m_EditorHideFlags: 0
  m_Script: {fileID: 11500000, guid: 15bd0c5f66d93ab4fa71d25fce0d0541, type: 3}
  m_Name: 
  m_EditorClassIdentifier: 
--- !u!114 &114313646502261182
MonoBehaviour:
  m_ObjectHideFlags: 1
  m_PrefabParentObject: {fileID: 0}
  m_PrefabInternal: {fileID: 100100000}
  m_GameObject: {fileID: 1207188571502082}
  m_Enabled: 1
  m_EditorHideFlags: 0
  m_Script: {fileID: 11500000, guid: e91b4d5db0867854781d8f2b08997450, type: 3}
  m_Name: 
  m_EditorClassIdentifier: 
--- !u!114 &114319075125962702
MonoBehaviour:
  m_ObjectHideFlags: 1
  m_PrefabParentObject: {fileID: 0}
  m_PrefabInternal: {fileID: 100100000}
  m_GameObject: {fileID: 1207188571502082}
  m_Enabled: 1
  m_EditorHideFlags: 0
  m_Script: {fileID: 11500000, guid: 73cb11e17aec05046aa310f8eea08154, type: 3}
  m_Name: 
  m_EditorClassIdentifier: 
--- !u!114 &114412986854625550
MonoBehaviour:
  m_ObjectHideFlags: 1
  m_PrefabParentObject: {fileID: 0}
  m_PrefabInternal: {fileID: 100100000}
  m_GameObject: {fileID: 1207188571502082}
  m_Enabled: 1
  m_EditorHideFlags: 0
  m_Script: {fileID: 11500000, guid: f16472eccb5636f4ba1925f22585c4b6, type: 3}
  m_Name: 
  m_EditorClassIdentifier: 
  MachineList: {fileID: 0}
--- !u!114 &114444804677688200
MonoBehaviour:
  m_ObjectHideFlags: 1
  m_PrefabParentObject: {fileID: 0}
  m_PrefabInternal: {fileID: 100100000}
  m_GameObject: {fileID: 1207188571502082}
  m_Enabled: 1
  m_EditorHideFlags: 0
  m_Script: {fileID: 11500000, guid: fe17bd0e4143e9f4495914cd34a1d414, type: 3}
  m_Name: 
  m_EditorClassIdentifier: 
--- !u!114 &114455919499251926
MonoBehaviour:
  m_ObjectHideFlags: 1
  m_PrefabParentObject: {fileID: 0}
  m_PrefabInternal: {fileID: 100100000}
  m_GameObject: {fileID: 1207188571502082}
  m_Enabled: 1
  m_EditorHideFlags: 0
  m_Script: {fileID: 11500000, guid: 70cf1714e26f2fa4d937d812eda26365, type: 3}
  m_Name: 
  m_EditorClassIdentifier: 
--- !u!114 &114741831287218646
MonoBehaviour:
  m_ObjectHideFlags: 1
  m_PrefabParentObject: {fileID: 0}
  m_PrefabInternal: {fileID: 100100000}
  m_GameObject: {fileID: 1207188571502082}
  m_Enabled: 1
  m_EditorHideFlags: 0
  m_Script: {fileID: 11500000, guid: 747492c9fc9320645a9c71da2bb02571, type: 3}
  m_Name: 
  m_EditorClassIdentifier: 
  Canvas_Floor: {fileID: 0}
  InfoPanel: {fileID: 0}
  MachinePanel: {fileID: 0}
  WorkshopPanel: {fileID: 0}
  LowBar: {fileID: 0}
  Timer: {fileID: 0}
  HoverPanel: {fileID: 0}
  HoverItemPanel: {fileID: 0}
  UImask:
    serializedVersion: 2
    m_Bits: 4294966783
--- !u!114 &114776742264839670
MonoBehaviour:
  m_ObjectHideFlags: 1
  m_PrefabParentObject: {fileID: 0}
  m_PrefabInternal: {fileID: 100100000}
  m_GameObject: {fileID: 1207188571502082}
  m_Enabled: 1
  m_EditorHideFlags: 0
  m_Script: {fileID: 11500000, guid: da698e504fa42d5479ea0f4fa9b7d157, type: 3}
  m_Name: 
  m_EditorClassIdentifier: 
